@manual{mathematica,
  author = "Wolfram Research, Inc.",
  title = "Mathematica",
  address = "Champaign, Illinois",
}

@article{julia,
  Eprinttype = {arXiv},
  Author = {Jeff Bezanson and Alan Edelman and Stefan Karpinski and Viral B. Shah},
  Eprint = {1411.1607},
  Month = {November},
  Eprintclass = {cs.MS},
  Title = {{J}ulia: A Fresh Approach to Numerical Computing},
  Year = {2014}
}

@article{skyrmionlattice,
   author = {{Buhrandt}, S. and {Fritz}, L.},
    title = "{Skyrmion lattice phase in three-dimensional chiral magnets from Monte Carlo simulations}",
  journal = {Phys. Rev. B},
archivePrefix = "arXiv",
   eprint = {1304.6580},
 primaryClass = "cond-mat.str-el",
 keywords = {Transition-metal compounds},
     year = 2013,
    month = nov,
   volume = 88,
   number = 19,
      eid = {195137},
    pages = {195137},
      doi = {10.1103/PhysRevB.88.195137},
   adsurl = {http://adsabs.harvard.edu/abs/2013PhRvB..88s5137B},
  adsnote = {Provided by the SAO/NASA Astrophysics Data System}
}

@article {Milde1076,
	author = {Milde, P. and K{\"o}hler, D. and Seidel, J. and Eng, L. M. and Bauer, A. and Chacon, A. and Kindervater, J. and M{\"u}hlbauer, S. and Pfleiderer, C. and Buhrandt, S. and Sch{\"u}tte, C. and Rosch, A.},
	title = {Unwinding of a Skyrmion Lattice by Magnetic Monopoles},
	volume = {340},
	number = {6136},
	pages = {1076--1080},
	year = {2013},
	doi = {10.1126/science.1234657},
	publisher = {American Association for the Advancement of Science},
	issn = {0036-8075},
	URL = {http://science.sciencemag.org/content/340/6136/1076},
	eprint = {http://science.sciencemag.org/content/340/6136/1076.full.pdf},
	journal = {Science}
}

@article{mc09,
   author = {{Katzgraber}, H.~G.},
    title = "{Introduction to Monte Carlo Methods}",
  journal = {ArXiv e-prints},
archivePrefix = "arXiv",
   eprint = {0905.1629},
 primaryClass = "cond-mat.stat-mech",
 keywords = {Condensed Matter - Statistical Mechanics, Physics - Computational Physics},
     year = 2009,
    month = may,
   adsurl = {http://adsabs.harvard.edu/abs/2009arXiv0905.1629K},
  adsnote = {Provided by the SAO/NASA Astrophysics Data System}
}

@article{mc14,
   author = {{Walter}, J.-C. and {Barkema}, G.~T.},
    title = "{An introduction to Monte Carlo methods}",
  journal = {Physica A Statistical Mechanics and its Applications},
archivePrefix = "arXiv",
   eprint = {1404.0209},
 primaryClass = "cond-mat.stat-mech",
 keywords = {Monte Carlo simulations, Ising model, Algorithms},
     year = 2015,
    month = jan,
   volume = 418,
    pages = {78-87},
      doi = {10.1016/j.physa.2014.06.014},
   adsurl = {http://adsabs.harvard.edu/abs/2015PhyA..418...78W},
  adsnote = {Provided by the SAO/NASA Astrophysics Data System}
}

@article{mc00,
      author         = "Weinzierl, Stefan",
      title          = "{Introduction to Monte Carlo methods}",
      year           = "2000",
      eprint         = "hep-ph/0006269",
      archivePrefix  = "arXiv",
      primaryClass   = "hep-ph",
      reportNumber   = "NIKHEF-00-012",
      SLACcitation   = "%%CITATION = HEP-PH/0006269;%%"
}

@book{mcbook,
  title={Monte Carlo Methods in Statistical Physics},
  author={Newman, M.E.J. and Barkema, G.T.},
  year={1999},
  publisher={Clarendon Press}
}

@book{optinphysics,
  title={Optimization Algorithms in Physics},
  author={Hartmann, Alexander K and Rieger, Heiko},
  volume={1},
  year={2001},
  publisher={Wiley}
}
