@manual{mathematica,
  author = "Wolfram Research, Inc.",
  title = "Mathematica",
  address = "Champaign, Illinois",
}

@article{julia,
  Eprinttype = {arXiv},
  Author = {Jeff Bezanson and Alan Edelman and Stefan Karpinski and Viral B. Shah},
  Eprint = {1411.1607},
  Month = {November},
  Eprintclass = {cs.MS},
  Title = {{J}ulia: A Fresh Approach to Numerical Computing},
  Year = {2014}
}

@article{skyrmion,
   author = {{Buhrandt}, S. and {Fritz}, L.},
    title = "{Skyrmion lattice phase in three-dimensional chiral magnets from Monte Carlo simulations}",
  journal = {Phys. Rev. B},
archivePrefix = "arXiv",
   eprint = {1304.6580},
 primaryClass = "cond-mat.str-el",
 keywords = {Transition-metal compounds},
     year = 2013,
    month = nov,
   volume = 88,
   number = 19,
      eid = {195137},
    pages = {195137},
      doi = {10.1103/PhysRevB.88.195137},
   adsurl = {http://adsabs.harvard.edu/abs/2013PhRvB..88s5137B},
  adsnote = {Provided by the SAO/NASA Astrophysics Data System}
}

@article {Milde,
	author = {Milde, P. and K{\"o}hler, D. and Seidel, J. and Eng, L. M. and Bauer, A. and Chacon, A. and Kindervater, J. and M{\"u}hlbauer, S. and Pfleiderer, C. and Buhrandt, S. and Sch{\"u}tte, C. and Rosch, A.},
	title = {Unwinding of a Skyrmion Lattice by Magnetic Monopoles},
	volume = {340},
	number = {6136},
	pages = {1076--1080},
	year = {2013},
	doi = {10.1126/science.1234657},
	publisher = {American Association for the Advancement of Science},
	issn = {0036-8075},
	URL = {http://science.sciencemag.org/content/340/6136/1076},
	eprint = {http://science.sciencemag.org/content/340/6136/1076.full.pdf},
	journal = {Science}
}

@article{switch,
   author = {{Heo}, C. and {Kiselev}, N.~S. and {Nandy}, A.~K. and {Bl{\"u}gel}, S. and 
	{Rasing}, T.},
    title = "{Switching of chiral magnetic skyrmions by picosecond magnetic field pulses via transient topological states}",
  journal = {Scientific Reports},
archivePrefix = "arXiv",
   eprint = {1601.08212},
 primaryClass = "cond-mat.mes-hall",
     year = 2016,
    month = jun,
   volume = 6,
      eid = {27146},
    pages = {27146},
      doi = {10.1038/srep27146},
   adsurl = {http://adsabs.harvard.edu/abs/2016NatSR...627146H},
  adsnote = {Provided by the SAO/NASA Astrophysics Data System}
}

@article {skyrm1,
	author = {M{\"u}hlbauer, S. and Binz, B. and Jonietz, F. and Pfleiderer, C. and Rosch, A. and Neubauer, A. and Georgii, R. and B{\"o}ni, P.},
	title = {Skyrmion Lattice in a Chiral Magnet},
	volume = {323},
	number = {5916},
	pages = {915--919},
	year = {2009},
	doi = {10.1126/science.1166767},
	publisher = {American Association for the Advancement of Science},
	issn = {0036-8075},
	URL = {http://science.sciencemag.org/content/323/5916/915},
	eprint = {http://science.sciencemag.org/content/323/5916/915.full.pdf},
	journal = {Science}
}

@article{skyrm2,
  title = {Skyrmion lattice in the doped semiconductor ${\text{Fe}}_{1\ensuremath{-}x}{\text{Co}}_{x}\text{Si}$},
  author = {M\"unzer, W. and Neubauer, A. and Adams, T. and M\"uhlbauer, S. and Franz, C. and Jonietz, F. and Georgii, R. and B\"oni, P. and Pedersen, B. and Schmidt, M. and Rosch, A. and Pfleiderer, C.},
  journal = {Phys. Rev. B},
  volume = {81},
  issue = {4},
  pages = {041203},
  numpages = {4},
  year = {2010},
  month = {Jan},
  publisher = {American Physical Society},
  doi = {10.1103/PhysRevB.81.041203},
  url = {http://link.aps.org/doi/10.1103/PhysRevB.81.041203}
}

@article{skyrm3,
  author={C Pfleiderer and T Adams and A Bauer and W Biberacher and B Binz and F Birkelbach and P Böni and C Franz and R Georgii and M Janoschek and F
Jonietz and T Keller and R Ritz and S Mühlbauer and W Münzer and A Neubauer and B Pedersen and A Rosch},
  title={Skyrmion lattices in metallic and semiconducting B20 transition metal compounds},
  journal={Journal of Physics: Condensed Matter},
  volume={22},
  number={16},
  pages={164207},
  url={http://stacks.iop.org/0953-8984/22/i=16/a=164207},
  year={2010}
}

@article{skyrm4,
author={Yu, X. Z.
and Onose, Y.
and Kanazawa, N.
and Park, J. H.
and Han, J. H.
and Matsui, Y.
and Nagaosa, N.
and Tokura, Y.},
title={Real-space observation of a two-dimensional skyrmion crystal},
journal={Nature},
year={2010},
month={Jun},
day={17},
publisher={Nature Publishing Group, a division of Macmillan Publishers Limited. All Rights Reserved.},
volume={465},
number={7300},
pages={901-904},
issn={0028-0836},
doi={10.1038/nature09124},
url={http://dx.doi.org/10.1038/nature09124}
}

@article{skyrm5,
author={Yu, X. Z.
and Kanazawa, N.
and Onose, Y.
and Kimoto, K.
and Zhang, W. Z.
and Ishiwata, S.
and Matsui, Y.
and Tokura, Y.},
title={Near room-temperature formation of a skyrmion crystal in thin-films of the helimagnet FeGe},
journal={Nat Mater},
year={2011},
month={Feb},
publisher={Nature Publishing Group},
volume={10},
number={2},
pages={106-109},
issn={1476-1122},
doi={10.1038/nmat2916},
url={http://dx.doi.org/10.1038/nmat2916}
}

@article{skyrm6,
	author = {Seki, S. and Yu, X. Z. and Ishiwata, S. and Tokura, Y.},
	title = {Observation of Skyrmions in a Multiferroic Material},
	volume = {336},
	number = {6078},
	pages = {198--201},
	year = {2012},
	doi = {10.1126/science.1214143},
	publisher = {American Association for the Advancement of Science},
	issn = {0036-8075},
	URL = {http://science.sciencemag.org/content/336/6078/198},
	eprint = {http://science.sciencemag.org/content/336/6078/198.full.pdf},
	journal = {Science}
}

@article{skyrm8,
author={Tokunaga, Y.
and Yu, X. Z.
and White, J. S.
and Ronnow, H. M.
and Morikawa, D.
and Taguchi, Y.
and Tokura, Y.},
title={A new class of chiral materials hosting magnetic skyrmions beyond room temperature},
journal={Nat Commun},
year={2015},
month={Jul},
day={02},
publisher={Nature Publishing Group, a division of Macmillan Publishers Limited. All Rights Reserved.},
volume={6},
note={Article},
url={http://dx.doi.org/10.1038/ncomms8638}
}

@article{skyrm9,
author={Nagaosa, Naoto
and Tokura, Yoshinori},
title={Topological properties and dynamics of magnetic skyrmions},
journal={Nat Nano},
year={2013},
month={Dec},
publisher={Nature Publishing Group, a division of Macmillan Publishers Limited. All Rights Reserved.},
volume={8},
number={12},
pages={899-911},
note={Review},
issn={1748-3387},
url={http://dx.doi.org/10.1038/nnano.2013.243}
}

@book{skyrm10,
  title={Topological Structures in Ferroic Materials},
  author={Seidel, Jan},
  year={2016},
  publisher={Springer}
}

@article {skyrme,
	author = {Skyrme, T. H. R.},
	title = {A Non-Linear Field Theory},
	volume = {260},
	number = {1300},
	pages = {127--138},
	year = {1961},
	doi = {10.1098/rspa.1961.0018},
	publisher = {The Royal Society},
	issn = {0080-4630},
	URL = {http://rspa.royalsocietypublishing.org/content/260/1300/127},
	eprint = {http://rspa.royalsocietypublishing.org/content/260/1300/127.full.pdf},
	journal = {Proceedings of the Royal Society of London A: Mathematical, Physical and Engineering Sciences}
}

@article {bogdanov,
	author = {Bogdanov, A.N. and  Yablonskii D.A.},
	title = {Thermodynamically stable 'vortices' in magnetically ordered crystals. The mixed state of magnets.},
	volume = {68},
	number = {1},
	pages = {101--103},
	year = {1989},
	doi = {10.1098/rspa.1961.0018},
	journal = {Sov. Phys. JETP}
}
